<record><leader>00000cas a22000007a 4500</leader><controlfield tag="001">18386549</controlfield><controlfield tag="008">880822d19581964ohuwr ne      0    0eng d</controlfield><datafield ind1=" " ind2=" " tag="010"><subfield code="a">sn 88077723 </subfield></datafield><datafield ind1=" " ind2=" " tag="040"><subfield code="a">ONP</subfield><subfield code="b">eng</subfield><subfield code="c">ONP</subfield><subfield code="d">OCLCQ</subfield></datafield><datafield ind1=" " ind2=" " tag="042"><subfield code="a">msc</subfield></datafield><datafield ind1="0" ind2=" " tag="130"><subfield code="a">Eastern review (Columbus, Ohio)</subfield></datafield><datafield ind1="1" ind2="0" tag="245"><subfield code="a">Eastern review.</subfield></datafield><datafield ind1=" " ind2=" " tag="260"><subfield code="a">Columbus, Ohio :</subfield><subfield code="b">C. Carlton Hartley,</subfield><subfield code="c">1958-1964.</subfield></datafield><datafield ind1=" " ind2=" " tag="310"><subfield code="a">Weekly</subfield></datafield><datafield ind1="0" ind2=" " tag="362"><subfield code="a">Vol. 1, no. 1 (Sept. 13, 1958)-v. 6, no. 26 (Mar. 5, 1964).</subfield></datafield><datafield ind1=" " ind2=" " tag="752"><subfield code="a">United States</subfield><subfield code="b">Ohio</subfield><subfield code="c">Franklin</subfield><subfield code="d">Columbus.</subfield></datafield><datafield ind1="0" ind2="0" tag="785"><subfield code="t">Eastern spectator (Columbus, Ohio : 1964)</subfield><subfield code="w">(DLC)sn 88077724</subfield></datafield></record>